<?xml version="1.0" encoding="UTF-8"?>
<collection xmlns:xsi="http://www.w3.org/2001/XMLSchema-instance" xsi:schemaLocation="http://www.loc.gov/MARC21/slim http://www.loc.gov/standards/marcxml/schema/MARC21slim.xsd" xmlns="http://www.loc.gov/MARC21/slim">
<record>
  <leader>00688cam a2200181 u 4500</leader>
  <controlfield tag="001">649292</controlfield>
  <controlfield tag="003">NNC</controlfield>
  <controlfield tag="005">20100307233610.0</controlfield>
  <controlfield tag="008">880516s1938    ua ||||||||| |||||||ara |</controlfield>
  <datafield tag="035" ind1=" " ind2=" ">
    <subfield code="a">(OCoLC)60601345</subfield>
  </datafield>
  <datafield tag="035" ind1=" " ind2=" ">
    <subfield code="a">(OCoLC)ocm60601345</subfield>
  </datafield>
  <datafield tag="035" ind1=" " ind2=" ">
    <subfield code="a">(CStRLIN)NYCG88-B34805</subfield>
  </datafield>
  <datafield tag="035" ind1=" " ind2=" ">
    <subfield code="9">ACV6459CU</subfield>
  </datafield>
  <datafield tag="035" ind1=" " ind2=" ">
    <subfield code="a">(NNC)649292</subfield>
  </datafield>
  <datafield tag="111" ind1="2" ind2="0">
    <subfield code="a">Muʾtamar al-Barlamani al-ʻAlami lil-Bilad al-ʻArabiyah wa-al-Islamiyah lil-Difaʻ ʻan Filastin</subfield>
    <subfield code="n">(1st :</subfield>
    <subfield code="d">1938 :</subfield>
    <subfield code="c">Cairo)</subfield>
  </datafield>
  <datafield tag="245" ind1="1" ind2="0">
    <subfield code="a">Khutab haflat al-iftitah al-kubra lil-Muʾtamar al-Barlamani al-ʻAlami lil-Bilad al-ʻArabiyah wa-al-Islamiyah lil-Difaʻ ʻan Filastin.</subfield>
  </datafield>
  <datafield tag="260" ind1=" " ind2=" ">
    <subfield code="a">Misr :</subfield>
    <subfield code="b">Matbaʻat ʻAbbasʻAbd al-Rahman,</subfield>
    <subfield code="c">1938.</subfield>
  </datafield>
  <datafield tag="300" ind1=" " ind2=" ">
    <subfield code="a">150 p.</subfield>
  </datafield>
  <datafield tag="955" ind1=" " ind2=" ">
    <subfield code="b">CU59576880</subfield>
    <subfield code="d">off,glx</subfield>
    <subfield code="e">ME06710</subfield>
  </datafield>
</record>
</collection>